@misc{godot,
    author          = "{Juan Linietsky}",
    title           = "{Godot Engine - Free and open source 2D and 3D game engine}",
    url             = {https://godotengine.org/},
    urlaccessdate   = {30 jun 2024},
    year            = "2024"
}
@misc{godot-docs,
    author          = "{Juan Linietsky}",
    title           = "{Godot Docs}",
    url             = {https://docs.godotengine.org/en/stable/},
    urlaccessdate   = {30 jun 2024},
    year            = "2024"
}

@misc{jinks,
    title           = "{Sky Jinks for the Atari 2600}",
    url             = {https://www.youtube.com/watch?v=mONxVaVzM5c},
    urlaccessdate   = {30 jun 2024},
    year            = "2024"
}
@misc{ski,
    author          = "{Peter Leigh}",
    title           = "SkiFree | Nostalgia Nerd",
    url             = {https://www.youtube.com/watch?v=Vj8NRq4IUDY},
    urlaccessdate   = {30 jun 2024},
    year            = "2024"
}

